@incollection{NIPS2012_4824,
  title = {ImageNet Classification with Deep Convolutional Neural Networks},
  author = {Alex Krizhevsky and Sutskever, Ilya and Hinton, Geoffrey E},
  booktitle = {Advances in Neural Information Processing Systems 25},
  editor = {F. Pereira and C. J. C. Burges and L. Bottou and K. Q. Weinberger},
  pages = {1097--1105},
  year = {2012},
  publisher = {Curran Associates, Inc.}
}

@article{karen2015,
  author  = "Karen Simonyan, Andrew Zisserman",
  title   = "VERY DEEP CONVOLUTIONAL NETWORKS FOR LARGE-SCALE IMAGE RECOGNITION",
  year    = "2015",
  url = "https://arxiv.org/pdf/1409.1556.pdf"
}


@misc{LAI,
  title = {Learning Artificial Intelligence},
  howpublished = {\url{https://learningai.io/projects/2017/06/29/tiny-imagenet.html}},
  note = {Accessed: 2018-05-15}
}


@misc{Andrew,
  title = {Going Deeper on the Tiny Imagenet Challeng},
  howpublished = {\url{https://www.studocu.com/en/document/stanford-university/convolutional-neural-networks-for-visual-recognition/other/going-deeper-on-the-tiny-imagenet-challenge/752005/view}},
  note = {Accessed: 2018-05-15}
}


@misc{rasnet,
  title = {RasNet101},
  howpublished = {\url{https://www.kaggle.com/pytorch/resnet101}},
  note = {Accessed: 2018-05-15}
}


@article{russakovsky2015imagenet,
  title={Imagenet large scale visual recognition challenge},
  author={Russakovsky, Olga and Deng, Jia and Su, Hao and Krause, Jonathan and Satheesh, Sanjeev and Ma, Sean and Huang, Zhiheng and Karpathy, Andrej and Khosla, Aditya and Bernstein, Michael and others},
  journal={International Journal of Computer Vision},
  volume={115},
  number={3},
  pages={211--252},
  year={2015},
  publisher={Springer}
}
