@article{greenwade93,
    author  = "George D. Greenwade",
    title   = "The {C}omprehensive {T}ex {A}rchive {N}etwork ({CTAN})",
    year    = "1993",
    journal = "TUGBoat",
    volume  = "14",
    number  = "3",
    pages   = "342--351"
}

@article{karen2015,
    author  = "Karen Simonyan, Andrew Zisserman",
    title   = "VERY DEEP CONVOLUTIONAL NETWORKS FOR LARGE-SCALE IMAGE RECOGNITION",
    year    = "2015",
    url = "https://arxiv.org/pdf/1409.1556.pdf"
}
